% --- Bücher: --- %
@book{kallenberg,
   author =    {Kallenberg, O.},
   title =  {Foundations of Modern Probability},
   publisher = {Springer-Verlag, New York},
   year =  {1997}
 },
 @book{li-queffelec,
	author = {Li, D. and Queffélec, H.},
	title = {Introduction to Banach Spaces: Analysis and Probability Volume 1},
    publisher = {Cambridge University Press, Cambridge},
	year = {2018}
},

@book{ledoux-talagrand,
    author = {Ledoux, M. and Talagrand, M.},
    title = {Probability in Banach Spaces},
    publisher = {Springer-Verlag, Berlin},
    year = {1991}
},

@book{werner,
    author = {Werner, D.},
    title = {Funktionalanalysis},
    publisher = {Springer-Verlag, Berlin},
    year = {2007}
}, 

@book{hu,
    author = {Yaozhong, H.},
    title = {Analysis on Gaussian Spaces},
    publisher = {World Scientific Publishing, New York},
    year = {2017}
}, 

@book{querenburg, 
    author = {Querenburg, B.v.},
    title = {Mengentheoretische Topologie},
    publisher = {Springer-Verlag, Berlin},
    year = {2001}
}, 

@book{amann, 
    author = {Amann, H. and  Escher, J.},
    title = {Analysis I},
    publisher = {Birkh"auser, Basel},
    year = {2006}
}, 

@book{gs, 
	author = {Gänssler, P. and Stute, W.},
	title = {Wahrscheinlichkeitstheorie},
    publisher = {Springer Verlag, Berlin},
	year = {1977}
}, 

@book{parthasarathy,
    author = {Parthasarathy, K.R.},
    title = {Probability Measures on Metric Spaces},
    publisher = {Academic Press, New York – London}, 
    year = {1967}
},

@book{vakhania,
    author = {Vakhania, N. and Tarieladze, V. and Chobanyan, S.},
    title = {Probability Distributions on Banach Spaces},
    publisher = {D. Reidel Publishing Company, Dordrecht}, 
    year = {1987}
},


@book{Bogachev, 
    author = {Bogachev, V.I.}, 
    title = {Measure Theory, Volume II},
    publisher = {Springer Verlag, Berlin - Heidelberg},
    year = {2007}
}, 


